@misc{one,
      title={Measurement of the branching fraction ratios $R(D^{+})$ and $R(D^{*+})$ using muonic $\tau$ decays}, 
      author={LHCb collaboration},
      year={2024},
      eprint={2406.03387},
      archivePrefix={arXiv},
      primaryClass={hep-ex},
      url={https://arxiv.org/abs/2406.03387}, 
}
@article{two,
   title={Amplitude Analysis of the $B^0$ Decay},
   volume={132},
   ISSN={1079-7114},
   url={http://dx.doi.org/10.1103/PhysRevLett.132.131801},
   DOI={10.1103/physrevlett.132.131801},
   number={13},
   journal={Physical Review Letters},
   publisher={American Physical Society (APS)},
   author={LHCb Collaboration},
   year={2024},
   month=mar }
@misc{three,
      title={Searches for Lepton Flavour Violation at ATLAS and CMS}, 
      author={Holly Pacey},
      year={2024},
      eprint={2405.11572},
      archivePrefix={arXiv},
      primaryClass={hep-ex},
      url={https://arxiv.org/abs/2405.11572}, 
}
@article{four,
   title={Two-loop neutrino mass generation through leptoquarks},
   volume={841},
   ISSN={0550-3213},
   url={http://dx.doi.org/10.1016/j.nuclphysb.2010.07.022},
   DOI={10.1016/j.nuclphysb.2010.07.022},
   number={1–2},
   journal={Nuclear Physics B},
   publisher={Elsevier BV},
   author={Babu, K.S. and Julio, J.},
   year={2010},
   month=dec, pages={130–156} }

@article{five,
   title={Asymmetric leptoquark pair production at LHC},
   volume={2023},
   ISSN={1029-8479},
   url={http://dx.doi.org/10.1007/JHEP03(2023)025},
   DOI={10.1007/jhep03(2023)025},
   number={3},
   journal={Journal of High Energy Physics},
   publisher={Springer Science and Business Media LLC},
   author={Doršner, Ilja and Lejlić, Ajla and Saad, Shaikh},
   year={2023},
   month=mar }

@article{six,
   title={Novel leptoquark pair production at LHC},
   volume={2021},
   ISSN={1029-8479},
   url={http://dx.doi.org/10.1007/JHEP05(2021)167},
   DOI={10.1007/jhep05(2021)167},
   number={5},
   journal={Journal of High Energy Physics},
   publisher={Springer Science and Business Media LLC},
   author={Doršner, Ilja and Fajfer, Svjetlana and Lejlić, Ajla},
   year={2021},
   month=may }

@thesis{seven,
  author   = {Yazykov, Vladyslav},
  title    = {Optimization of the ttH Selection Including Systematics Using Machine Learning with ATLAS Data},
  school   = {Prague, Tech. U.},
  year     = {2023},
  url      = {https://cds.cern.ch/record/2871484},
  note     = {Presented 05 Sep 2023},
}